<?xml version="1.0" encoding="UTF-8"?><collection xmlns="http://www.loc.gov/MARC21/slim"><record><leader>00498nam--2200169-i-4500</leader><controlfield tag="001">000002732</controlfield><controlfield tag="002">20161230</controlfield><controlfield tag="005">20161230201025</controlfield><controlfield tag="008">060222s1000------------r-----000-0-eng-d</controlfield><datafield ind1=" " ind2=" " tag="040"><subfield code="a">IFIN-HH</subfield></datafield><datafield ind1=" " ind2=" " tag="080"><subfield code="a">534.321.9</subfield></datafield><datafield ind1="1" ind2=" " tag="100"><subfield code="a">Crawford, Alan E</subfield></datafield><datafield ind1="1" ind2="0" tag="245"><subfield code="a">Ultrasonic engineering</subfield><subfield code="b">With particular reference to high power applications</subfield><subfield code="c">Alan e. crawford</subfield></datafield><datafield ind1=" " ind2=" " tag="260"><subfield code="a">London, Butterworths Scientific Publications, 1955</subfield></datafield><datafield ind1=" " ind2=" " tag="300"><subfield code="a">X+344P</subfield></datafield><datafield ind1=" " ind2=" " tag="852"><subfield code="a">10317</subfield><subfield code="c">534</subfield></datafield><datafield ind1=" " ind2=" " tag="CAT"><subfield code="a">Sys</subfield><subfield code="c">20101006</subfield><subfield code="h">125306</subfield></datafield></record></collection>